<?xml version="1.0" encoding="UTF-8"?><collection xmlns="http://www.loc.gov/MARC21/slim"><record><leader>00396nam--2200157-i-4500</leader><controlfield tag="001">000026927</controlfield><controlfield tag="002">20161230</controlfield><controlfield tag="005">20170126224156</controlfield><controlfield tag="008">060222s1000------------r-----000-0-eng-d</controlfield><datafield ind1=" " ind2=" " tag="100"><subfield code="a">Kilmister, C. W</subfield></datafield><datafield ind1=" " ind2=" " tag="245"><subfield code="a">Special relativity for physicists</subfield></datafield><datafield ind1=" " ind2=" " tag="260"><subfield code="a">London</subfield><subfield code="b">Longmans And Co</subfield><subfield code="c">1958</subfield></datafield><datafield ind1=" " ind2=" " tag="300"><subfield code="a">108 p</subfield></datafield><datafield ind1=" " ind2=" " tag="700"><subfield code="a">Stephenson, Geoffrey</subfield></datafield><datafield ind1=" " ind2=" " tag="852"><subfield code="a">15339</subfield></datafield><datafield ind1=" " ind2=" " tag="CAT"><subfield code="a">SYS</subfield><subfield code="c">20170126</subfield><subfield code="h">224156</subfield></datafield></record></collection>